% This file was created with JabRef 2.7.2.
% Encoding: UTF8

@MANUAL{AMS_2002,
  title = {amsmath User's Guide},
  author = {AMS},
  year = {2002},
  owner = {Alpha},
  review = {good},
  timestamp = {2008.04.01},
  url = {http://www.ams.org/tex/amslatex.html}
}

@MANUAL{AMS_short_2002,
  title = {Short Math Guide for LaTeX},
  author = {AMS},
  year = {2002},
  owner = {Alpha},
  timestamp = {2008.04.01},
  url = {http://www.ams.org/tex/amslatex.html}
}

@MANUAL{Carlisle_2004,
  title = {The longtable Package},
  author = {David P. Carlisle},
  year = {2004},
  owner = {Alpha},
  timestamp = {2008.05.13},
  url = {http://www.ctan.org/pkg/longtable}
}

@MANUAL{Carlisle_2001,
  title = {The colortbl Package},
  author = {David P. Carlisle},
  year = {2001},
  owner = {Alpha},
  timestamp = {2008.05.13},
  url = {http://www.ctan.org/tex-archive/macros/latex/contrib/colortbl/}
}

@MANUAL{Carlisle_1999,
  title = {The tabularx Package},
  author = {David P. Carlisle},
  year = {1999},
  owner = {Alpha},
  timestamp = {2010.10.18},
  url = {http://www.ctan.org/tex-archive/macros/latex/required/tools/}
}

@BOOK{Clair_1969,
  title = {A Chronology of Printing},
  publisher = {Praeger},
  year = {1969},
  author = {Colin Clair},
  owner = {Alpha},
  timestamp = {2010.05.25},
  url = {http://www.amazon.com/dp/B000YC2K66/}
}

@MANUAL{Cochran_2005,
  title = {The subfig Package},
  author = {Steven D. Cochran},
  year = {2005},
  owner = {Alpha},
  timestamp = {2010.06.24},
  url = {http://www.ctan.org/tex-archive/macros/latex/contrib/subfig/}
}

@MANUAL{Daly_2010,
  title = {Natural Sciences Citations and References},
  author = {Patrick W. Daly},
  year = {2010},
  owner = {Alpha},
  timestamp = {2008.04.01},
  url = {http://www.ctan.org/tex-archive/macros/latex/contrib/natbib/}
}

@MANUAL{Dupuis_2006,
  title = {Typesetting Go diagrams in TeX or LaTeX with igo},
  author = {Étienne Dupuis},
  year = {2006},
  owner = {Alpha},
  timestamp = {2012.08.19},
  url = {http://www.ctan.org/tex-archive/fonts/igo/}
}

@MANUAL{Fairbairns_2010,
  title = {A package for rotated objects in LaTeX},
  author = {Robin Fairbairns and Sebastian Rahtz and Leonor Barroca},
  year = {2010},
  owner = {Alpha},
  timestamp = {2010.10.22},
  url = {http://www.ctan.org/tex-archive/macros/latex/contrib/rotating/}
}

@MANUAL{Fear_2005,
  title = {Publication Quality Tables in LaTeX},
  author = {Simon Fear},
  year = {2005},
  owner = {Alpha},
  timestamp = {2008.04.01},
  url = {http://www.ctan.org/tex-archive/macros/latex/contrib/booktabs/}
}

@MANUAL{Goossens_2010,
  title = {The XeTeX Companion},
  author = {Michel Goossens},
  year = {2010},
  owner = {Alpha},
  timestamp = {2010.05.08},
  url = {http://xml.web.cern.ch/XML/lgc2/xetexmain.pdf}
}

@BOOK{Gratzer_2007,
  title = {More Math into LaTeX},
  publisher = {Springer},
  year = {2007},
  author = {George Grätzer},
  edition = {4th},
  owner = {Alpha},
  timestamp = {2008.04.01},
  url = {http://www.amazon.com/dp/0387322892/}
}

@MANUAL{Moses_2007,
  title = {The listings Package},
  author = {Carsten Heinz and Brooks Moses},
  year = {2007},
  owner = {Alpha},
  timestamp = {2010.04.26},
  url = {http://www.ctan.org/tex-archive/macros/latex/contrib/listings/}
}

@BOOK{Higham_1998,
  title = {Handbook of Writing for the Mathematical Sciences},
  publisher = {Society for Industrial and Applied Mathematics},
  year = {1998},
  author = {Nicholas J. Higham},
  owner = {Alpha},
  review = {great},
  timestamp = {2008.05.20},
  url = {http://www.siam.org/books/ot63/}
}

@MANUAL{Hobby_2010,
  title = {MetaPost: A User's Manual},
  author = {John D. Hobby and Taco Hoekwater and Hans Hagen},
  year = {2010},
  owner = {Alpha},
  timestamp = {2008.04.01},
  url = {http://www.tug.org/metapost/}
}

@MANUAL{Han_2007,
  title = {The pdfTeX User Manual},
  author = {Th\'{ê} Thành Hàn and Sebastian Rahtz and Hans Hagen and Hartmut
	Henkel and Paweł Jackowski and Martin Schröder},
  year = {2007},
  owner = {Alpha},
  timestamp = {2010.05.06},
  url = {http://www.tug.org/applications/pdftex/}
}

@MANUAL{Kern_2007,
  title = {Extending LaTeX's Color Facilities: The xcolor Package},
  author = {Uwe Kern},
  organization = {CTAN},
  year = {2007},
  owner = {Alpha},
  timestamp = {2008.04.30},
  url = {http://www.ukern.de/tex/xcolor.html}
}

@MANUAL{Markey_2005,
  title = {Tame the BeaST: The B to X of BibTeX},
  author = {Nicolas Markey},
  organization = {CTAN},
  year = {2005},
  owner = {Alpha},
  timestamp = {2008.05.07},
  url = {http://www.ctan.org/tex-archive/info/bibtex/tamethebeast/}
}

@MANUAL{Mittelbach_2009,
  title = {A new implementation of LaTeX's tabular and array environment},
  author = {Frank Mittelbach and David P. Carlisle},
  year = {2009},
  owner = {Alpha},
  timestamp = {2010.10.12},
  url = {http://www.ctan.org/tex-archive/macros/latex/required/tools/}
}

@BOOK{Mittelbach_2004,
  title = {The LaTeX Companion (Tools and Techniques for Computer Typesetting)},
  publisher = {Addison-Wesley},
  year = {2004},
  author = {Frank Mittelbach and Michel Goossens and Johannes Braams and David
	P. Carlisle and Chris Rowley},
  edition = {2nd},
  owner = {Alpha},
  review = {good},
  timestamp = {2008.04.01},
  url = {http://www.amazon.com/dp/0201362996/}
}

@MANUAL{Oetiker_2008,
  title = {A (Not So) Short Introduction to LaTeX2e},
  author = {Tobias Oetiker},
  year = {2009},
  owner = {Alpha},
  review = {good},
  timestamp = {2008.04.01},
  url = {http://www.ctan.org/tex-archive/info/lshort/}
}

@MANUAL{Oostrum_2004,
  title = {Page Layout in LaTeX},
  author = {Piet van Oostrum},
  year = {2004},
  owner = {Alpha},
  timestamp = {2008.04.01},
  url = {http://www.ctan.org/tex-archive/macros/latex/contrib/fancyhdr/}
}

@MANUAL{Pakin_2008,
  title = {The Comprehensive LaTeX Symbol List},
  author = {Scott Pakin},
  year = {2008},
  owner = {Alpha},
  timestamp = {2008.04.01},
  url = {http://www.ctan.org/tex-archive/info/symbols/comprehensive/}
}

@MANUAL{Patashnik_1988,
  title = {BibTeXing},
  author = {Oren Patashnik},
  year = {1988},
  owner = {Alpha},
  timestamp = {2008.04.01},
  url = {http://www.ctan.org/tex-archive/biblio/bibtex/contrib/doc/}
}

@MANUAL{Rahtz_2010,
  title = {Hypertext Marks in LaTeX: A Manual for hyperref},
  author = {Sebastian Rahtz and Heiko Oberdiek},
  year = {2010},
  owner = {Alpha},
  timestamp = {2008.04.01},
  url = {http://www.tug.org/applications/hyperref/}
}

@MANUAL{Reckdahl_2006,
  title = {Using Imported Graphics in LaTeX and pdfLaTeX},
  author = {Keith Reckdahl},
  year = {2006},
  owner = {Alpha},
  timestamp = {2008.04.01},
  url = {http://www.ctan.org/tex-archive/info/epslatex/}
}

@MANUAL{Robertson_2008,
  title = {The fontspec Package},
  author = {Will Robertson},
  year = {2008},
  owner = {Alpha},
  timestamp = {2010.05.08},
  url = {http://www.ctan.org/tex-archive/macros/xetex/latex/fontspec/}
}

@MANUAL{Rochester_2007,
  title = {The warpcol Package},
  author = {Wayne A. Rochester},
  year = {2007},
  owner = {Alpha},
  timestamp = {2010.10.22},
  url = {http://www.ctan.org/tex-archive/macros/latex/contrib/warpcol/}
}

@MANUAL{Rokicki_2005,
  title = {Dvips: A DVI-to-PostScript Translator},
  author = {Tomas Rokicki},
  year = {2005},
  owner = {Alpha},
  timestamp = {2008.05.12},
  url = {http://www.tug.org/dvips/}
}

@MANUAL{Sommerfeldt_2008,
  title = {Customizing captions of floating environments using the caption package},
  author = {Axel Sommerfeldt},
  year = {2008},
  owner = {Alpha},
  timestamp = {2011.03.25},
  url = {http://ctan.org/tex-archive/macros/latex/contrib/caption/}
}

@BOOK{Strauss_1967,
  title = {The Printing Industry},
  publisher = {Printing Industries of America},
  year = {1967},
  author = {Victor Strauss},
  owner = {Alpha},
  timestamp = {2010.05.25},
  url = {http://www.amazon.com/dp/B000GRKF5C/}
}

@MANUAL{Tantau_2010,
  title = {TikZ and PGF Manual},
  author = {Till Tantau},
  year = {2010},
  owner = {Alpha},
  timestamp = {2008.04.01},
  url = {http://www.ctan.org/tex-archive/graphics/pgf/}
}

@MANUAL{Tantau_2007,
  title = {User Guide to Beamer},
  author = {Till Tantau},
  year = {2007},
  owner = {Alpha},
  timestamp = {2008.04.01},
  url = {http://www.ctan.org/tex-archive/macros/latex/contrib/beamer/}
}

@MANUAL{Tantau_2012,
  title = {The Beamer Class},
  author = {Till Tantau and Joseph Wright and Vedran Miletić},
  year = {2012},
  owner = {Alpha},
  timestamp = {2012.07.30},
  url = {http://www.ctan.org/tex-archive/macros/latex/contrib/beamer/}
}

@MANUAL{Thompson_2009,
  title = {A New Letter, Fax, Memo Document Class for LaTeX2e},
  author = {Paul A. Thompson},
  year = {2009},
  owner = {Alpha},
  timestamp = {2012.08.05},
  url = {http://www.ctan.org/tex-archive/macros/latex/contrib/newlfm/}
}

@MISC{UKTUG_FAQ,
  author = {{UK TeX User Group}},
  title = {UK List of TeX Frequently Asked Questions},
  owner = {Alpha},
  timestamp = {2008.04.01},
  url = {http://www.tex.ac.uk/faq/}
}

@MANUAL{Umeki_2010,
  title = {The geometry package},
  author = {Hideo Umeki},
  year = {2010},
  owner = {Alpha},
  timestamp = {2011.12.03},
  url = {http://ctan.org/tex-archive/macros/latex/contrib/geometry/}
}

@MANUAL{Veytsman_1997,
  title = {Printing Envelopes and Labels in LaTeX2e: EnvLab Package},
  author = {Boris Veytsman},
  year = {1997},
  owner = {Alpha},
  timestamp = {2012.08.16},
  url = {http://www.ctan.org/tex-archive/macros/latex/contrib/envlab/}
}

@MANUAL{Wicks_1999,
  title = {Dvipdfm User's Manual},
  author = {Mark A. Wicks},
  year = {1999},
  owner = {Alpha},
  timestamp = {2008.05.12},
  url = {http://gaspra.kettering.edu/dvipdfm/}
}

@MANUAL{Wilson_2010,
  title = {The Memoir Class},
  author = {Peter R. Wilson},
  edition = {8th},
  year = {2010},
  owner = {Alpha},
  timestamp = {2011.01.11},
  url = {http://www.ctan.org/tex-archive/macros/latex/contrib/memoir/}
}

@MANUAL{Wilson_2009,
  title = {A Few Notes on Book Design},
  author = {Peter R. Wilson},
  year = {2009},
  owner = {Alpha},
  timestamp = {2011.01.11},
  url = {http://www.ctan.org/tex-archive/info/memdesign/}
}

@MANUAL{Yin_2007,
  title = {Typesetting Chinese in XeTeX: zhspacing User's Manual},
  author = {Dian Yin},
  year = {2007},
  owner = {Alpha},
  timestamp = {2010.05.09},
  url = {http://code.google.com/p/zhspacing/}
}

@MANUAL{Zandt_2008,
  title = {Fancy Verbatims in LaTeX},
  author = {Timothy van Zandt},
  year = {2008},
  owner = {Alpha},
  timestamp = {2008.04.01},
  url = {http://www.ctan.org/tex-archive/macros/latex/contrib/fancyvrb/}
}

@MANUAL{Zandt_2007,
  title = {PSTricks User's Guide},
  author = {Timothy van Zandt},
  year = {2007},
  owner = {Alpha},
  timestamp = {2008.04.01},
  url = {http://www.tug.org/PSTricks/}
}

@MANUAL{CTeX_FAQ,
  title = {{CTeX}常见问题集},
  author = {中国TeX用户组},
  year = {2005},
  owner = {Alpha},
  timestamp = {2008.04.01},
  url = {http://www.ctan.org/tex-archive/info/ctex-faq/}
}

@MANUAL{Huang_2008,
  title = {LaTeX Notes},
  author = {包太雷},
  year = {2008},
  owner = {Alpha},
  timestamp = {2010.05.16},
  url = {http://www.ctan.org/tex-archive/info/latex-notes-zh-cn/}
}

@MANUAL{Sun_2009,
  title = {xeCJK宏包},
  author = {孙文昌},
  year = {2009},
  owner = {Alpha},
  timestamp = {2010.05.09},
  url = {http://www.ctan.org/tex-archive/macros/xetex/latex/xecjk/}
}

@MANUAL{Lee_2004,
  title = {大家来学LaTeX},
  author = {李果正},
  year = {2004},
  owner = {Alpha},
  review = {good},
  timestamp = {2008.04.11},
  url = {http://edt1023.sayya.org/tex/latex123/}
}

@MANUAL{Lee_2004a,
  title = {我的CJK},
  author = {李果正},
  year = {2004},
  owner = {Alpha},
  timestamp = {2008.05.12},
  url = {http://edt1023.sayya.org/tex/mycjk/}
}

@BOOK{Chicago_2003,
  title = {Chicago Manual of Style, 15th Edition},
  publisher = {University of Chicago},
  year = {2003},
  editor = {UCP},
  owner = {Alpha},
  timestamp = {2008.06.10},
  url = {http://en.wikipedia.org/wiki/Chicago_Manual_of_Style}
}

